@IEEEtranBSTCTL{IEEEexample:BSTcontrol,
CTLuse_forced_etal       = "yes",
CTLmax_names_forced_etal = "3",
CTLnames_show_etal       = "2"
}
@book{InfH,
address = {M\"{u}nchen -- Wien},
author = {Rechenberg, Peter and Pomberger, Gustav and Blaschek, G\"{u}nther and Bode, Arndt and Bohn, Wilhelm Friedrich and Borrmann, Lothar and Buchberger, Bruno},
edition = {4th},
publisher = {Hanser Verlag},
title = {{Informatik Handbuch}},
year = {2006}
}
@misc{java,
note = {letzter Zugriff am 20.02.2022},
author = {{Wikipedia}},
title = {{Java (Programmiersprache)}},
url = {https://de.wikipedia.org/wiki/Java_(Programmiersprache)},
year = {2022}
}